
%%%%%%%%%%%%%%%%%%%%%%%%%%%%%%%%%%%%%%%%%%%%%%%%%%%%%%%%%%%%%%%%%%%%%%%%%%%%%%
%
% term/graph rewriting
%
%%%%%%%%%%%%%%%%%%%%%%%%%%%%%%%%%%%%%%%%%%%%%%%%%%%%%%%%%%%%%%%%%%%%%%%%%%%%%%
  
% I'll probably need this at some point
@TechReport{graphRewriting,
  author      = {R. Echahed and J. C. Janodet},
  title       = {{On constructor-based graph rewriting systems}},
  institution = {IMAG},
  year        = {1997},
  number      = {985-I},
  note        = {Available at ftp://ftp.imag.fr/pub/labo-LEIBNIZ/OLD-archives/PMP/c-graph-rewriting.ps.gz},
}

% I'll probably need this at some point too
@InProceedings{Plump99Handbook,
  author    = {D. Plump},
  title     = {{Term Graph Rewriting}},
  booktitle = {Handbook of Graph Grammars},
  year      = {1999},
  editor    = {H. Ehrig, G. Engels, H.-J. Kreowski and G. Rozenberg},
  volume    = {2},
  pages     = {3-61},
  publisher = {World Scientific},
}

@Book{termRewriting2,
  title     = {{Term Rewriting Systems}},
  publisher = {Cambridge University Press},
  year      = {2003},
  author    = {M. Bezem and J. W. Klop and R. de Vrijer (eds.)},
}

@InCollection{termRewriting,
  author    = {J. W. Klop},
  title     = {{{Term Rewriting Systems}}},
  booktitle = {Handbook of Logic in Computer Science, Vol.\ II},
  publisher = {Oxford University Press},
  year      = {1992},
  editor    = {S. Abramsky and D. Gabbay and T. Maibaum},
  pages     = {1-112},
}

@Book{termAndAllThat,
  title     = {{Term Rewriting and All That}},
  publisher = {Cambridge University Press},
  year      = {1998},
  author    = {F. Baader and T. Nipkow},
}

@inproceedings{rewriteStrategies,
  title={Strategies for Rewrite Systems: Normalization and Optimality},
  author={A. Middeldorp},
  year={2018}
}


% Advanced topics in term rewriting
@book{AdvancedTRS,
  author    = {E. Ohlebusch},
  title     = {{Advanced Topics in Term Rewriting}},
  year      = {2002},
  isbn      = {978-0-387-95250-5},
  publisher = {Springer-Verlag New York}
} 


% definition of descendent
% G. Huetand J.-J.L∂evy. Computationsin orthogonal term rewriting systems.
@article{condKaplan,
    title = "Simplifying conditional term rewriting systems : Unification, termination and confluence",
    journal = "Journal of Symbolic Computation",
    volume = "4",
    number = "3",
    pages = "295 - 334",
    year = "1987",
    issn = "0747-7171",
    author = "S. Kaplan"
}

% for Strongly sequtial systems
@inproceedings{StrongSequential,
  title={Computations in Orthogonal Rewriting Systems, I},
  author={G. Huet and J. L{\'e}vy},
  booktitle={Computational Logic - Essays in Honor of Alan Robinson},
  year={1991}
}

@article{StrongSequential2,
title = "Sequentiality in orthogonal term rewriting systems",
journal = "Journal of Symbolic Computation",
volume = "12",
number = "2",
pages = "161 - 195",
year = "1991",
issn = "0747-7171",
author = "J. W. Klop and A. Middeldorp",
}

% for constructor systems inductively sequential = strongly sequential
@article{StrongInductive,
title = "Strongly sequential and inductively sequential term rewriting systems",
journal = "Information Processing Letters",
volume = "67",
number = "1",
pages = "1 - 8",
year = "1998",
issn = "0020-0190",
author = "M. Hanus and S. Lucas and A. Middeldorp",
}

@incollection{KnuthBendix,
title = "Simple Word Problems in Universal Algebras",
editor = "J. Leech",
booktitle = "Computational Problems in Abstract Algebra",
publisher = "Pergamon",
pages = "263 - 297",
year = "1970",
isbn = "978-0-08-012975-4",
author = "D. E. Knuth and P. B. Bendix",
}

% narrowing
@article{narrowing,
author = {J. R. Slagle},
title = {Automated Theorem-Proving for Theories with Simplifiers Commutativity, and Associativity},
year = {1974},
issue_date = {Oct. 1974},
publisher = {Association for Computing Machinery},
volume = {21},
number = {4},
doi = {10.1145/321850.321859},
journal = {J. ACM},
month = oct,
pages = {622–642},
numpages = {21}
}


@article{Needed,
    author = {S. Antoy, and R. Echahed, and M. Hanus},
    title = {A Needed Narrowing Strategy},
    year = {2000},
    issue_date = {July 2000},
    publisher = {Association for Computing Machinery},
    address = {New York, NY, USA},
    volume = {47},
    number = {4},
    issn = {0004-5411},
    doi = {10.1145/347476.347484},
    journal = {J. ACM},
    month = jul,
    pages = {776–822},
    numpages = {47}
}

@InProceedings{definitionalTrees,
    author="S. Antoy",
    editor="H. Kirchner and G. Levi",
    title="Definitional trees",
    booktitle="Algebraic and Logic Programming",
    year="1992",
    publisher="Springer Berlin Heidelberg",
    address="Berlin, Heidelberg",
    pages="143--157"
}


% newman
@article{Newman,
  title={On Theories with a Combinatorial Definition of "Equivalence"},
  author={M. Newman},
  journal={Annals of Mathematics},
  year={1942},
  volume={43},
  pages={223}
}

@article{CombLogic, 
    title={Combinatory logic. Volume I.}, 
    volume={32}, 
    DOI={10.1017/S0022481200114203}, 
    number={2}, 
    journal={Journal of Symbolic Logic}, 
    publisher={Cambridge University Press}, 
    author={H. B. Curry and R. Feys.}, 
    year={1967}, 
    pages={267–268}
}

@article{churchRosser,
 ISSN = {00029947},
 author = {A. Church and J. B. Rosser},
 journal = {Transactions of the American Mathematical Society},
 number = {3},
 pages = {472--482},
 publisher = {American Mathematical Society},
 title = {Some Properties of Conversion},
 volume = {39},
 year = {1936}
}

% innermost narrowing
@inproceedings{slog,
  title={SLOG: A Logic Programming Language Interpreter Based on Clausal Superposition and Rewriting},
  author={L. Fribourg},
  booktitle={SLP},
  year={1985}
} 

@article{OuterNarrowing,
  title = {Enumerating outer narrowing derivationsfor constructor-based term rewriting systems},
  journal = {Journal of Symbolic Computation},
  volume = {7},
  number = {3},
  pages = {319-341},
  year = {1989},
  note = {Unification: Part 1},
  issn = {0747-7171},
  doi = {https://doi.org/10.1016/S0747-7171(89)80015-X},
  author = {J. You}
}

@article{StandardNarrowing,
    title = {First-Order Unification in Equational Theories},
    author = {M. Fay},
    booktitle = {Proceedings of the 4th International Workshop on Automated Deduction},
    year = {1979},
    pages = {161,167}
}

@InProceedings{basicNarrowing,
  author="J. Hullot",
  editor="W. Bibel and R. Kowalski",
  title="Canonical forms and unification",
  booktitle="5th Conference on Automated Deduction Les Arcs, France, July 8--11, 1980",
  year="1980",
  publisher="Springer Berlin Heidelberg",
  address="Berlin, Heidelberg",
  pages="318--334"
}

@article{lazyNarrowing,
  title = {Logic programming with functions and predicates: The language Babel},
  journal = {The Journal of Logic Programming},
  volume = {12},
  number = {3},
  pages = {191-223},
  year = {1992},
  issn = {0743-1066},
  doi = {https://doi.org/10.1016/0743-1066(92)90024-W},
  author = {J. J. Moreno-Navarro and M. Rodriguez-Artalejo}
}

%%%%%%%%%%%%%%%%%%%%%%%%%%%%%%%%%%%%%%%%%%%%%%%%%%%%%%%%%%%%%%%%%%%%%%%%%%%%%%
%
% general curry stuff
%
%%%%%%%%%%%%%%%%%%%%%%%%%%%%%%%%%%%%%%%%%%%%%%%%%%%%%%%%%%%%%%%%%%%%%%%%%%%%%%
  
@article{IntegrationFunLog,
    title = "The integration of functions into logic programming: From theory to practice",
    journal = "The Journal of Logic Programming",
    volume = "19-20",
    pages = "583 - 628",
    year = "1994",
    issn = "0743-1066",
    author = "M. Hanus"
}

@MISC{CurryReport,
author       = {M. Hanus (ed.)},
title        = {Curry: An Integrated Functional Logic Language (Vers.\ 0.9.0)},
year         = {2016}
}

@article{FunLog,
  author  = {S. Antoy and M. Hanus},
  title   = {{Functional Logic Programming}},
  journal = {Comm. of the ACM},
  volume  = {53},
  number  = {4},
  year    = {2010},
  month   = {April},
  pages   = {74-85}
}

@Misc{CurryTutorial,
  author = {S. Antoy and M. Hanus},
  title  = {{{Curry}: A {Tutorial} {Introduction}}},
  note   = {Available at http://www-ps.informatik.uni-kiel.de/currywiki/documentation/tutorial},
  year   = {January 13, 2017}
}

@InProceedings{OverlappingRules,
  author    = {S. Antoy and M. Hanus},
  title     = {{Overlapping Rules and Logic Variables in Functional Logic Programs}},
  booktitle = {Proceedings of the Twenty Second International Conference on Logic Programming},
  year      = {2006},
  pages     = {87-101},
  address   = {Seattle, WA},
  month     = aug,
  publisher = {Springer LNCS 4079},
}

@InProceedings{DefinitionalTrees,
  author    = {S. Antoy},
  title     = {{Definitional Trees}},
  booktitle = {Proceedings of the Third International Conference on Algebraic and Logic Programming},
  year      = {1992},
  editor    = {H. Kirchner and G. Levi},
  pages     = {143-157},
  address   = {Volterra, Italy},
  month     = sep,
  publisher = {Springer LNCS 632},
}

@INPROCEEDINGS{setFunctions,
author = "S. Antoy and M. Hanus",
title = "Set Functions for Functional Logic Programming",
year = "2009",
pages = "73-82",
publisher = "ACM Press",
booktitle = "Proc.\ of the 11th International ACM SIGPLAN Conference on
             Principle and Practice of Declarative Programming (PPDP'09)"
}

@article{findall,
  title={Encapsulating Non-Determinism in Functional Logic Computations},
  author={B. Brassel and M. Hanus and F. Huch},
  journal={J. Funct. Log. Program.},
  year={2004},
  volume={2004}
}

@INPROCEEDINGS{concurrentCurry,
    author = {M. Hanus and R. Sadre},
    title = {A Concurrent Implementation of Curry in Java},
    booktitle = {In Proc. ILPS'97 Workshop on Parallelism and Implementation Technology for (Constraint) Logic Programming Languages},
    year = {1997}
}

@article{abstractConcurrentCurry,
author = {M. Hanus and R. Sadre},
year = {1999},
month = {01},
pages = {},
title = {An Abstract Machine for Curry and Its Concurrent Implementation in Java.},
volume = {1999},
journal = {Journal of Functional and Logic Programming}
}

%%%%%%%%%%%%%%%%%%%%%%%%%%%%%%%%%%%%%%%%%%%%%%%%%%%%%%%%%%%%%%%%%%%%%%%%%%%%%%
%
% semantics
%
%%%%%%%%%%%%%%%%%%%%%%%%%%%%%%%%%%%%%%%%%%%%%%%%%%%%%%%%%%%%%%%%%%%%%%%%%%%%%%

@INPROCEEDINGS{multiparadigm,
author       = {M. Hanus},
title        = {Multi-paradigm Declarative Languages},
year         = {2007},
booktitle    = {Proceedings of the International Conference on Logic Programming
                (ICLP 2007)},
pages        = {45-75},
publisher    = {Springer LNCS 4670},
}

@article{currySemantics,
author = {E. Albert and M. Hanus and F. Huch and J. Oliver and G. Vidal},
title = {Operational semantics for declarative multi-paradigm languages},
journal = {Journal of Symbolic Computation},
volume = {40},
number = {1},
pages = {795-829},
year = {2005},
issn = {0747-7171},
doi = {https://doi.org/10.1016/j.jsc.2004.01.001},
}

@Article{Antoy05JSC,
  author  = {S. Antoy},
  title   = {{Evaluation Strategies for Functional Logic Programming}},
  journal = {Journal of Symbolic Computation},
  year    = {2005},
  volume  = {40},
  number  = {1},
  pages   = {875-903},
  doi     = {http://dx.doi.org/10.1016/j.jsc.2004.12.007},
}

@article{LopezFraguas14TPLP,
  author = {F. J. L{\'o}pez-Fraguas and E. Martin-Martin and J. Rodr\'{\i}guez-Hortal{\'a} and J. S{\'a}nchez-Hern{\'a}ndez},
  title     = {{Rewriting and narrowing for constructor systems with call-time choice semantics}},
  journal   = {{TPLP}},
  volume    = {14},
  number    = {2},
  pages     = {165--213},
  year      = {2014},
}

@InProceedings{bubbling,
  author    = {S. Antoy and D. Brown and S. Chiang},
  title     = {Lazy Context Cloning for Non-deterministic Graph Rewriting},
  booktitle = {Proc.~of the 3rd International Workshop on Term Graph Rewriting, Termgraph'06},
  month     = {April},
  year      = 2006,
  address   = {Vienna, Austria},
  pages     = {61-70},
  doi = {http://dx.doi.org/10.1016/j.entcs.2006.10.026}
}

@INPROCEEDINGS{bubblingCorrect,
    author={S. Antoy and D. Brown and S. H. Chiang},
    editor={F. Pfenning},
    title={On the Correctness of Bubbling},
    year={2006},
    month={Aug.},
    address={Seattle, WA},
    publisher={Springer LNCS 4098},
    booktitle = {17th  International Conference on Rewriting Techniques and Applications},
    pages = {35-49},
}

@InProceedings{bubblingPractical,
  author    = {S. Antoy and S. Libby},
  title     = {{Making Bubbling Practical}},
  booktitle = {Proc.\ of the 27th International Workshop on Functional and (Constraint) Logic Programming (WFLP 2018)},
  year      = {2018},
  publisher = {Springer},
}

@InProceedings{fairScheme,
  author    = {S. Antoy, and A. Jost},
  editor    = {G. Gupta and R. Pe{\~{n}}a},
  title     = {{Compiling a Functional Logic Language: The Fair Scheme}},
  booktitle = {Logic-Based Program Synthesis and Transformation},
  year      = {2014},
  publisher = {Springer International Publishing},
  address   = {Cham},
  pages     = {202--219},
  isbn      = {978-3-319-14125-1}
}

@InProceedings{crwl,
author="J. C. Gonz{\'a}lez-Moreno
and M. T. Hortal{\'a}-Gonz{\'a}lez
and F. J. L{\'o}pez-Fraguas
and M. Rodr{\'i}guez-Artalejo",
editor="H. R. Nielson",
title="A rewriting logic for declarative programming",
booktitle="Programming Languages and Systems --- ESOP '96",
year="1996",
publisher="Springer Berlin Heidelberg",
address="Berlin, Heidelberg",
pages="156--172",
}

@article{monadSemantics,
  title = {A Monadic Semantics for Core Curry},
  journal = {Electronic Notes in Theoretical Computer Science},
  volume = {86},
  number = {3},
  pages = {16-34},
  year = {2003},
  note = {WFLP 2003, 12th International Workshop on Functional and Constraint Logic Programming},
  issn = {1571-0661},
  doi = {https://doi.org/10.1016/S1571-0661(04)80691-1},
  author = {A. Tolmach and S. Antoy}
}

@article{callTimeChoice,
title = {Nondeterministic algebraic specifications and nonconfluent term rewriting},
journal = {The Journal of Logic Programming},
volume = {12},
number = {3},
pages = {237-255},
year = {1992},
issn = {0743-1066},
doi = {https://doi.org/10.1016/0743-1066(92)90026-Y},
author = {H. Hussmann},
}

@INPROCEEDINGS{pulltab,
  author={A. Alqaddoumi and S. Antoy and S. Fischer and F. Reck},
  title={The Pull-Tab Transformation},
  booktitle = {Third International Workshop on Graph Computation Models},
  year={2010},
  month={October},
  address={Enschede, The Netherlands},
}

@article{pulltabCorrect,
  author    = {S. Antoy},
  title     = {On the Correctness of Pull-Tabbing},
  journal   = {TPLP},
  volume    = {11},
  number    = {4-5},
  year      = {2011},
  pages     = {713-730},
  ee        = {http://dx.doi.org/10.1017/S1471068411000263},
}

@InProceedings{curry_vm,
  author    = {S. Antoy and M. Hanus and J. Liu and A. Tolmach},
  editor    = {C. Grelck and F. Huch and G. J. Michaelson and P. Trinder},
  title     = {{A Virtual Machine for Functional Logic Computations}},
  booktitle = {Implementation and Application of Functional Languages},
  year      = {2005},
  publisher = {Springer Berlin Heidelberg},
  address   = {Berlin, Heidelberg},
  pages     = {108--125}
}

@InProceedings{ConstructorNarrowing,
  author    = {S. Antoy},
  title     = {{Constructor-based Conditional Narrowing}},
  booktitle = {Proceedings of the Third ACM SIGPLAN International Conference on Principles and Practice of Declarative Programming},
  year      = {2001},
  pages     = {199-206},
  publisher = {ACM Press},
  doi       = {http://doi.acm.org/10.1145/773184.773205},
  isbn      = {1-58113-388-X},
  location  = {Florence, Italy},
}

@InProceedings{OptimialFLComputations,
  author    = {S. Antoy},
  title     = {{Optimal Non-Deterministic Functional Logic Computations}},
  booktitle = {Proceedings of the Sixth International Conference on Algebraic and Logic Programming (ALP'97)},
  year      = {1997},
  pages     = {16-30},
  address   = {Southampton, UK},
  month     = sep,
  publisher = {Springer LNCS 1298},
  note      = {Extended version at http://cs.pdx.edu/~antoy/homepage/publications/alp97/full.pdf},
}

@inproceedings{curryMonad,
  author    = {B. Bra\ssel, and S. Fischer and M. Hanus and F. Reck},
  title     = {{Transforming Functional Logic Programs into Monadic Functional Programs}},
  booktitle = {Proceedings of the 19th International Conference on Functional and Constraint Logic Programming},
  series    = {WFLP'10},
  year      = {2011},
  isbn      = {978-3-642-20774-7},
  location  = {Madrid, Spain},
  pages     = {30--47},
  numpages  = {18},
  publisher = {Springer-Verlag},
  address   = {Berlin, Heidelberg},
}

@ARTICLE{icurry,
  author    = "S. Antoy and M. Hanus and A. Jost and S. Libby",
  title     = "ICurry",
  year      = "2019",
  booktitle = "Pre-Proceedings of the 27th International Workshop on Functional
               and Logic Programming (WFLP 2019)",
  journal   = {CoRR},
  volume    = {abs/1908.11101},
}

%%%%%%%%%%%%%%%%%%%%%%%%%%%%%%%%%%%%%%%%%%%%%%%%%%%%%%%%%%%%%%%%%%%%%%%%%%%%%%
%
% curry compilers
%
%%%%%%%%%%%%%%%%%%%%%%%%%%%%%%%%%%%%%%%%%%%%%%%%%%%%%%%%%%%%%%%%%%%%%%%%%%%%%%

@Proceedings{muenster,
  title  = {{{The Muenster Curry Compiler}}},
  year   = {2012},
  editor = {W. Lux},
  note   = {Available at http://danae.uni-muenster.de/~lux/curry/},
}

@Article{sprite,
  author    = {S. Antoy and A. Jost},
  title     = {{A New Functional-Logic Compiler for Curry: Sprite}},
  journal   = {CoRR},
  year      = {2016},
  volume    = {abs/1608.04016},
  bibsource = {dblp computer science bibliography, http://dblp.org},
  timestamp = {Fri, 02 Sep 2016 17:46:24 +0200},
}

@Misc{pakcs,
  author       = {M. Hanus (ed.)},
  title        = {{{PAKCS} 1.14.3: {The Portland Aachen Kiel Curry System}}},
  note         = {Available at http://www.informatik.uni-kiel.de/~pakcs},
  year         = {March 04, 2017},
}


@InProceedings{kics2,
  author    = {B. Bra{\ss}el, and M. Hanus and B. Peem{\"o}ller and F. Reck},
  title     = {{{KiCS2}: A New Compiler from {Curry} to {Haskell}}},
  booktitle = {Proc.\ of the 20th International Workshop on Functional and (Constraint) Logic Programming (WFLP 2011)},
  year      = {2011},
  pages     = {1-18},
  publisher = {Springer LNCS 6816},
}

@PHDTHESIS{Kics2Theory,
  author = {B. Brassel},
  title  = {{Implementing Functional Logic Programs by Translation into Purely Functional Programs}},
  school = {Christian-Albrechts-Universit{\"a}t zu Kiel},
  year   = {2011}
}


@InProceedings{mcc,
author="W. Lux
and H. Kuchen",
editor="K. Beiersd{\"o}rfer
and G. Engels
and W. Sch{\"a}fer",
title="An Efficient Abstract Machine for Curry",
booktitle="Informatik'99",
year="1999",
publisher="Springer Berlin Heidelberg",
address="Berlin, Heidelberg",
pages="390--399",
isbn="978-3-662-01069-3"
}


%%%%%%%%%%%%%%%%%%%%%%%%%%%%%%%%%%%%%%%%%%%%%%%%%%%%%%%%%%%%%%%%%%%%%%%%%%%%%%
%
% functional compilers
%
%%%%%%%%%%%%%%%%%%%%%%%%%%%%%%%%%%%%%%%%%%%%%%%%%%%%%%%%%%%%%%%%%%%%%%%%%%%%%%

@inproceedings{orbit,
  author    = {N. Adams and D. Kranz and R. Kelsey and J. Rees and P. Hudak and J. Philbin},
  title     = {{ORBIT: An Optimizing Compiler for Scheme}},
  booktitle = {Proceedings of the 1986 SIGPLAN Symposium on Compiler Construction},
  series    = {SIGPLAN '86},
  year      = {1986},
  isbn      = {0-89791-197-0},
  location  = {Palo Alto, California, USA},
  pages     = {219--233},
  numpages  = {15},
  publisher = {ACM},
  address   = {New York, NY, USA},
} 

% early use of CPS as an IR
@phdthesis{rabbit,
  author      = {G. L. Steele, Jr},
  title       = {{RABBIT: A Compiler for SCHEME}},
  institution = {Masters Thesis. MIT AI Lab. AI Lab Technical Report AITR-474},
  month       = May,
  year        = 1978
}

@inproceedings{fastCurry,
author = {S. Peyton Jones},
title = {How to make a fast curry: push/enter vs eval/apply},
booktitle = {International Conference on Functional Programming},
year = {2004},
month = {September},
url = {https://www.microsoft.com/en-us/research/publication/make-fast-curry-pushenter-vs-evalapply/},
pages = {4-15},
edition = {International Conference on Functional Programming},
}

%%%%%%%%%%%%%%%%%%%%%%%%%%%%%%%%%%%%%%%%%%%%%%%%%%%%%%%%%%%%%%%%%%%%%%%%%%%%%%
%
% compiler optimizations
%
%%%%%%%%%%%%%%%%%%%%%%%%%%%%%%%%%%%%%%%%%%%%%%%%%%%%%%%%%%%%%%%%%%%%%%%%%%%%%%

% The compiler book
@book{dragon,
  author    = {A. V. Aho and J. D. Ullman},
  title     = {{Principles of Compiler Design (Addison-Wesley Series in Computer Science and Information Processing)}},
  year      = {1977},
  isbn      = {0201000229},
  publisher = {Addison-Wesley Longman Publishing Co., Inc.},
  address   = {Boston, MA, USA},
} 

@book{continuationsAppel,
  author    = {A. Appel},
  title     = {{Compiling with Continuations}},
  year      = {2007},
  isbn      = {052103311X},
  publisher = {Cambridge University Press},
  address   = {New York, NY, USA},
} 

@book{compilersAppel,
  author    = {A. Appel},
  title     = {{Modern Compiler Implementation in ML: Basic Techniques}},
  year      = {1997},
  isbn      = {0-521-58775-1},
  publisher = {Cambridge University Press},
  address   = {New York, NY, USA},
} 

% first description of most common optimizations that I know of
@article{optimizationAllen,
  author    = {F. E. Allen},
  title     = {{Program optimization}},
  journal   = {Annual Review in Automatic Programming},
  volume    = {5},
  publisher = {Pergamon Press},
  location  = {Oxford},
  year      = {1969},
  pages     = {239--307},
}

% first use of dataflow analysis
@book{dataflowAllen,
  author    = {F. E. Allen and J. Cocke},
  title     = {{A catalogue of optimizing transformations}},
  booktitle = {R. Rustin, ed., Design and Optimization of Compilers},
  publisher = {Prentice-Hall},
  location  = {Englewood Cliffs, NJ},
  year      = {1972},
}

% first use of dataflow for global program analysis
@inproceedings{dataflowKildall,
  author    = {G. A. Kildall},
  title     = {{A Unified Approach to Global Program Optimization}},
  booktitle = {Proceedings of the 1st Annual ACM SIGACT-SIGPLAN Symposium on Principles of Programming Languages},
  series    = {POPL '73},
  year      = {1973},
  location  = {Boston, Massachusetts},
  pages     = {194--206},
  numpages  = {13},
  doi       = {10.1145/512927.512945},
  acmid     = {512945},
  publisher = {ACM},
  address   = {New York, NY, USA},
} 

% SSA form
@inproceedings{ssa,
  author    = {B. Alpern and M. N. Wegman and F. K. Zadeck},
  title     = {{Detecting Equality of Variables in Programs}},
  booktitle = {Proceedings of the 15th ACM SIGPLAN-SIGACT Symposium on Principles of Programming Languages},
  series    = {POPL '88},
  year      = {1988},
  isbn      = {0-89791-252-7},
  location  = {San Diego, California, USA},
  pages     = {1--11},
  numpages  = {11},
  doi       = {10.1145/73560.73561},
  acmid     = {73561},
  publisher = {ACM},
  address   = {New York, NY, USA},
} 

% used SSA for several optimizations
@article{ssaOptimizations,
  author     = {M. N. Wegman and F. K. Zadeck},
  title      = {{Constant Propagation with Conditional Branches}},
  journal    = {ACM Trans. Program. Lang. Syst.},
  issue_date = {April 1991},
  volume     = {13},
  number     = {2},
  month      = {apr},
  year       = {1991},
  issn       = {0164-0925},
  pages      = {181--210},
  numpages   = {30},
  publisher  = {ACM},
  address    = {New York, NY, USA}
} 

%induction variable analysis
@article{ssaVariable,
  author = {E. Stoltz and M. P. Gerlek and M. Wolfe},
  year   = {1994},
  month  = {02},
  pages  = {43 - 52},
  title  = {{Extended SSA with factored use-def chains to support optimization and parallelism}},
  isbn   = {0-8186-5060-5}
}

@book{lazyFunctionalCompilers,
  author    = {S. L. Peyton Jones},
  title     = {{The Implementation of Functional Programming Languages (Prentice-Hall International Series in Computer Science)}},
  year      = {1987},
  isbn      = {013453333X},
  publisher = {Prentice-Hall, Inc.},
  address   = {Upper Saddle River, NJ, USA},
} 

% low level IR for haskell
@inproceedings{stg,
  author    = {S. L. Peyton Jones and J. Salkild},
  title     = {{The Spineless Tagless G-machine}},
  booktitle = {Proceedings of the Fourth International Conference on Functional Programming Languages and Computer Architecture},
  series    = {FPCA '89},
  year      = {1989},
  isbn      = {0-89791-328-0},
  location  = {Imperial College, London, United Kingdom},
  pages     = {184--201},
  numpages  = {18},
  publisher = {ACM},
} 

@inproceedings{evalApply,
author = {S. Peyton Jones},
title = {How to make a fast curry: push/enter vs eval/apply},
booktitle = {International Conference on Functional Programming},
year = {2004},
month = {September},
url = {https://www.microsoft.com/en-us/research/publication/make-fast-curry-pushenter-vs-evalapply/},
pages = {4-15},
edition = {International Conference on Functional Programming},
}

% a normal form
@inproceedings{ANormal,
  author    = {C. Flanagan and A. Sabry and B. F. Duba and M. Felleisen},
  title     = {{The Essence of Compiling with Continuations}},
  booktitle = {Proceedings of the ACM SIGPLAN 1993 Conference on Programming Language Design and Implementation},
  series    = {PLDI '93},
  year      = {1993},
  isbn      = {0-89791-598-4},
  location  = {Albuquerque, New Mexico, USA},
  pages     = {237--247},
  numpages  = {11},
  url       = {http://doi.acm.org/10.1145/155090.155113},
} 

% Lambda the ultimate papers

@article{ultimateImperative,
  author    = {G. L. Steele, Jr. and G. J. Sussman},
  title     = {{Lambda: The Ultimate Imperative}},
  publisher = {MIT AI Lab},
  year      = 1976,
  month     = Mar,
}

@article{ultimateDeclarative,
  author    = {G. L. Steele, Jr.},
  title     = {{Lambda: The Ultimate Declarative}},
  publisher = {MIT AI Lab},
  year      = 1976,
  month     = Nov,
}

@article{ultimateGoto,
  author  = {G. L. Steele, Jr.},
  title   = {{Debunking the "Expensive Procedure Call" Myth, or Procedure Call Implementations Considered Harmful, or LAMBDA, the Ultimate GOTO"}},
  journal = {ACM Conference Proceedings. 1977},
  year    = 1977,
}

@article{lambdaRename,
  author    = {G. L. Steele, Jr.},
  title     = {{Compiler Optimization Based on Viewing LAMBDA as RENAME + GOTO}},
  year      = 1980,
  publisher = {MIT AI Lab},
}

@book{consArgs,
  title     = {{CONS SHOULD NOT EVALUATE ITS ARGUMENTS.}},
  author    = {D. P. Friedman and D.S. Wise},
  year      = {1975},
  publisher = {Indiana University. Computer Science Department}
}

@article{deforestationWadler,
  title   = {{Deforestation: transforming programs to eliminate trees}},
  journal = {Theoretical Computer Science},
  volume  = {73},
  number  = {2},
  pages   = {231 - 248},
  year    = {1990},
  issn    = {0304-3975},
  url     = {http://www.sciencedirect.com/science/article/pii/030439759090147A},
  author  = {P. Wadler}
}


@article{turchin_supercompiler,
    author = {V. F. Turchin},
    title = {The Concept of a Supercompiler},
    year = {1986},
    issue_date = {July 1986},
    publisher = {Association for Computing Machinery},
    doi = {10.1145/5956.5957},
    journal = {ACM Trans. Program. Lang. Syst.},
    month = {jun},
    pages = {292–325},
    numpages = {34}
}

      


@inproceedings{shortcutDeforestation,
  author    = {A. Gill and J. Launchbury and S. L. Peyton Jones},
  title     = {{A Short Cut to Deforestation}},
  booktitle = {Proceedings of the Conference on Functional Programming Languages and Computer Architecture},
  series    = {FPCA '93},
  year      = {1993},
  isbn      = {0-89791-595-X},
  location  = {Copenhagen, Denmark},
  pages     = {223--232},
  numpages  = {10},
  url       = {http://doi.acm.org/10.1145/165180.165214},
  doi       = {10.1145/165180.165214},
  acmid     = {165214},
  publisher = {ACM},
  address   = {New York, NY, USA},
}

@MISC{Gill_dissertation,
    author = {A. J. Gill},
    title = {Cheap Deforestation for Non-strict Functional Languages},
    year = {1996}
}

@INPROCEEDINGS{wadler_ferguson_deforest,
    author = {A. B. Ferguson and P. Wadler},
    title = {When Will Deforestation Stop?},
    booktitle = {In 1988 Glasgow Workshop on Functional Programming},
    year = {1988},
    pages = {39--56}
}

@INPROCEEDINGS{stream,
  author    = {D. Coutts and R. Leshchinskiy and D. Stewart},
  title     = {{Stream Fusion. From Lists to Streams to Nothing at All}},
  booktitle = {ICFP’07},
  year      = {2007},
  publisher = {}
}

@article{CarruthInline,
    author = {C. Carruth},
    title = {Understanding Compiler Optimization - Chandler Carruth - Opening Keynote Meeting C++ 2015},
    publisher  = {YouTube},
    month      = dec,
    year       = {2015},
    url        = {https://www.youtube.com/watch?v=FnGCDLhaxKU}
}

%strictness analysis using abstract interpretation
@InProceedings{strictAbstract,
    author="A. Mycroft",
    editor="B. Robinet",
    title="The theory and practice of transforming call-by-need into call-by-value",
    booktitle="International Symposium on Programming",
    year="1980",
    publisher="Springer Berlin Heidelberg",
    address="Berlin, Heidelberg",
    pages="269--281",
}

@inproceedings{strictProj,
  title={Implementing Projection-based Strictness Analysis},
  author={R. Kubiak and J. Hughes and J. Launchbury},
  booktitle={Functional Programming},
  year={1991}
}

@unpublished{strictBack,
author = {I. Sergey and S. Peyton Jones and D. Vytiniotis},
title = {Theory and practice of demand analysis in Haskell},
year = {2014},
month = {June},
url = {https://www.microsoft.com/en-us/research/publication/theory-practice-demand-analysis-haskell/},
note = {Unpublished draft},
}

@article{haskellInliner,
  author     = {S. Peyton Jones and S. Marlow},
  title      = {{Secrets of the Glasgow Haskell Compiler Inliner}},
  journal    = {J. Funct. Program.},
  issue_date = {July 2002},
  volume     = {12},
  number     = {5},
  month      = jul,
  year       = {2002},
  issn       = {0956-7968},
  pages      = {393--434},
  numpages   = {42},
  publisher  = {Cambridge University Press},
  address    = {New York, NY, USA},
} 

@inproceedings{unboxing,
  author    = {S. L. Peyton Jones, J. Launchbury},
  title     = {{Unboxed values as first class citizens}},
  booktitle = {ACM Conference on Functional Programming and Computer Architecture (FPCA'91)},
  year      = {1991},
  month     = {January},
  publisher = {Springer},
  pages     = {636-666},
  volume    = {523},
}

@InProceedings{unboxing_peval,
  author    = {C. Hall and S. L. Peyton Jones and P. M. Sansom},
  editor    = {K. Hammond and D. M. Turner and P. M. Sansom},
  title     = {{Unboxing using Specialisation}},
  booktitle = {Functional Programming, Glasgow 1994},
  year      = {1995},
  publisher = {Springer London},
  address   = {London},
  pages     = {96--110},
}

% tarjans fast dominator algorithm
@Article{dominators,
  author     = {T. Lengauer and R. E. Tarjan},
  title      = {{A Fast Algorithm for Finding Dominators in a Flowgraph}},
  journal    = {ACM Trans. Program. Lang. Syst.},
  year       = {1979},
  volume     = {1},
  number     = {1},
  pages      = {121--141},
  month      = jan,
  issn       = {0164-0925},
  acmid      = {357071},
  address    = {New York, NY, USA},
  doi        = {10.1145/357062.357071},
  issue_date = {July 1979},
  numpages   = {21},
  publisher  = {ACM},
}

% describes using dominators for finding optimizations in flow graphs
@article{dominatorFlow,
  author     = {E. S. Lowry and C. W. Medlock},
  title      = {{Object Code Optimization}},
  journal    = {Commun. ACM},
  issue_date = {Jan. 1969},
  volume     = {12},
  number     = {1},
  month      = jan,
  year       = {1969},
  issn       = {0001-0782},
  pages      = {13--22},
  numpages   = {10},
  publisher  = {ACM},
  address    = {New York, NY, USA},
} 

@article{haskellOpt,
author = {S. Peyton Jones and A. Santos},
title = {A transformation-based optimiser for Haskell},
year = {1997},
month = {October},
url = {https://www.microsoft.com/en-us/research/publication/a-transformation-based-optimiser-for-haskell/},
journal = {Science of Computer Programming},
volume = {32},
number = {1},
}

@inbook{haskellComp,
author = {S. Peyton Jones},
title = {Compiling Haskell by Program Transformation: A Report from the Trenches},
booktitle = {Proceedings European Symposium on Programming (ESOP'96)},
year = {1996},
month = {January},
publisher = {Springer},
url = {https://www.microsoft.com/en-us/research/publication/compiling-haskell-by-program-transformation-a-report-from-the-trenches/},
volume = {1058},
edition = {Lecture Notes in Computer Science},
}

%%%%%%%%%%%%%%%%%%%%%%%%%%%%%%%%%%%%%%%%%%%%%%%%%%%%%%%%%%%%%%%%%%%%%%%%%%%%%%
%
% curry specific optimizations
%
%%%%%%%%%%%%%%%%%%%%%%%%%%%%%%%%%%%%%%%%%%%%%%%%%%%%%%%%%%%%%%%%%%%%%%%%%%%%%%


@phdthesis{peval,
  title  = {{Normalization and Partial Evaluation of Functional Logic Programs}},
  author = {B. Peem{\"o}ller},
  year   = 2016,
}

@inproceedings{offline_peval,
  author    = {J. G. Ramos and J. Silva and G. Vidal},
  title     = {{An Offline Partial Evaluator for Curry Programs}},
  booktitle = {Proceedings of the 2005 ACM SIGPLAN Workshop on Curry and Functional Logic Programming},
  series    = {WCFLP '05},
  year      = {2005},
  isbn      = {1-59593-069-8},
  location  = {Tallinn, Estonia},
  pages     = {49--53},
  numpages  = {5},
  doi       = {10.1145/1085099.1085109},
  publisher = {ACM},
  address   = {New York, NY, USA},
  keywords  = {narrowing, offline partial evaluation},
} 


@inproceedings{offlinePeval,
  author    = {J. G. Ramos and J. Silva and G. Vidal},
  title     = {{An Offline Partial Evaluator for Curry Programs}},
  booktitle = {Proceedings of the 2005 ACM SIGPLAN Workshop on Curry and Functional Logic Programming},
  series    = {WCFLP '05},
  year      = {2005},
  isbn      = {1-59593-069-8},
  location  = {Tallinn, Estonia},
  pages     = {49--53},
  numpages  = {5},
  doi       = {10.1145/1085099.1085109},
  publisher = {ACM},
  address   = {New York, NY, USA},
  keywords  = {narrowing, offline partial evaluation},
} 

@article{foldUnfold,
    author = {G. Moreno},
    title  = {Transformation Rules and Strategies for Functional‐Logic Programs},
    year = {2002}
}

@article{secd,
  author  = {P. Landin},
  title   = {{The Mechanical Evaluation of Expressions}},
  year    = {1964},
  journal = {The Computing Journal},
  pages   = {308-320},
}

@InProceedings{graph_ir,
  author    = {H. P. Barendregt and M. C. J. D. van Eekelen and J. R. W. Glauert  and J. R. Kennaway and M. J. Plasmeijer  and M. R. Sleep},
  editor    = {J. W. de Bakker and A. J. Nijman and P. C. Treleaven},
  title     = {{Towards an intermediate language based on Graph Rewriting}},
  booktitle = {PARLE Parallel Architectures and Languages Europe},
  year      = {1987},
  publisher = {Springer Berlin Heidelberg},
  address   = {Berlin, Heidelberg},
  pages     = {159--175},
}

@InProceedings{dactl,
  author    = {J. R. W. Glauert and J. R. Kennaway and M. R. Sleep},
  editor    = {H. Ehrig and H. Kreowski, and G. Rozenberg},
  title     = {{Dactl: An experimental graph rewriting language}},
  booktitle = {Graph Grammars and Their Application to Computer Science},
  year      = {1991},
  publisher = {Springer Berlin Heidelberg},
  address   = {Berlin, Heidelberg},
  pages     = {378--395},
}

@InProceedings{hal,
  author    = {B. Demoen and M. G. de la Banda and W. Harvey and K. Marriott and P. Stuckey},
  editor    = {J. Jaffar},
  title     = {{An Overview of HAL}},
  booktitle = {Principles and Practice of Constraint Programming -- CP'99},
  year      = {1999},
  publisher = {Springer Berlin Heidelberg},
  address   = {Berlin, Heidelberg},
  pages     = {174--188},
}

@Inbook{ciao,
  author    = {M. Hermenegildo and F. Bueno and M. Carro and P. L{\'o}pez and J. F. Morales and G. Puebla},
  title     = {{An Overview of the Ciao Multiparadigm Language and Program Development Environment and Its Design Philosophy}},
  bookTitle = {Concurrency, Graphs and Models: Essays Dedicated to Ugo Montanari on the Occasion of His 65th Birthday},
  year      = {2008},
  publisher = {Springer Berlin Heidelberg},
  address   = {Berlin, Heidelberg},
  pages     = {209--237},
}

@inproceedings{shortcutting,
  title     = {{Needed Computations Shortcutting Needed Steps}},
  author    = {S. Antoy and J. Johannsen and S. Libby},
  year      = {2015},
  doi       = {10.4204/EPTCS.183.2},
  language  = {English},
  volume    = {183},
  pages     = {18--32},
  booktitle = {Electronic Proceedings in Theoretical Computer Science, EPTCS},
  publisher = {Open Publishing Association},
}


@inproceedings{reallyNeeded,
 author = {S. Antoy and A. Jost},
 title = {Are needed redexes really needed?},
 booktitle = {Proceedings of the 15th Symposium on Principles and Practice of Declarative Programming},
 series = {PPDP '13},
 year = {2013},
 isbn = {978-1-4503-2154-9},
 location = {Madrid, Spain},
 pages = {61--71},
 numpages = {11},
 doi = {10.1145/2505879.2505881},
 acmid = {2505881},
 publisher = {ACM},
 address = {New York, NY, USA},
}




%%%%%%%%%%%%%%%%%%%%%%%%%%%%%%%%%%%%%%%%%%%%%%%%%%%%%%%%%%%%%%%%%%%%%%%%%%%%%%
%
% functional logic programming
%
%%%%%%%%%%%%%%%%%%%%%%%%%%%%%%%%%%%%%%%%%%%%%%%%%%%%%%%%%%%%%%%%%%%%%%%%%%%%%%

@inproceedings{kl1,
  author    = {T. Chikayama and T. Fujise and D. Sekita},
  title     = {{A Portable and Efficient Implementation of KL1}},
  booktitle = {Proceedings of the 6th International Symposium on Programming Language Implementation and Logic Programming},
  series    = {PLILP '94},
  year      = {1994},
  pages     = {25--39},
  publisher = {Springer-Verlag},
  address   = {London, UK, UK},
} 

@PHDTHESIS{oz,
  title       = {{Design, Implementierung und Evaluierung einer virtuellen Maschine f{\"u}r {Oz}}},
  year        = {1998},
  author      = {R. Scheidhauer},
  school      = {Universit{\"a}t des Saarlandes, Fachbereich Informatik},
  address     = {Saarbr{\"u}cken, Germany},
  month       = dec,
  sline       = {3194},
  project-key = {C1},
  label       = {scheidhauer-thesis}
}

@article{toy,
  author    = {I. Castiñeiras and J. Correas and S. Estévez-Martín and F. Sáenz-Pérez},
  title     = {{TOY: A CFLP Language and System}},
  journal   = {{The Association for Logic Programming}},
  year      = 2012,
  url       = {https://www.cs.nmsu.edu/ALP/2012/06/toy-a-cflp-language-and-system/},
}

@Article{babbel,
  author  = {H. Kuchen and R. Loogen and J. J. Moreno-Navarro and M. Rodr{\'i}guez-Artalejo},
  title   = {{The functional logic language BABEL and its implementation on a graph machine}},
  journal = {New Generation Computing},
  year    = {1996},
  month   = {Dec},
  day     = {01},
  volume  = {14},
  number  = {4},
  pages   = {391--427},
}

@Article{mercury,
  author  = {Z. Somogyi and F. Henderson},
  title   = {{The design and implementation of Mercury}},
  journal = {Joint International Conference and Symposium on Logic Programming},
  year    = {1996},
  month   = {Sep},
  day     = {02},
}

%%%%%%%%%%%%%%%%%%%%%%%%%%%%%%%%%%%%%%%%%%%%%%%%%%%%%%%%%%%%%%%%%%%%%%%%%%%%%%
%
% logic programming
%
%%%%%%%%%%%%%%%%%%%%%%%%%%%%%%%%%%%%%%%%%%%%%%%%%%%%%%%%%%%%%%%%%%%%%%%%%%%%%%

@incollection{historyLP,
  author    = {R. Kowalski and K. L. Clark},
  title     = {{Logic Programming}},
  booktitle = {Encyclopedia of Computer Science},
  pages     = {1017--1031},
  numpages  = {15},
  publisher = {John Wiley and Sons Ltd.},
  address   = {Chichester, UK},
} 

@TECHREPORT{wam,
  author      = {D. Warren},
  title       = {{An Abstact Prolog Instruction Set}},
  institution = {SRI International},
  year        = {1983},
  month       = {Aug},
  pages       = {29},
} 

@book{wam2,
  author = {H. Aït-Kaci},
  year   = {1991},
  month  = {01},
  pages  = {939},
  title  = {{Warren's Abstract Machine: A Tutorial Reconstruction}},
}

@inproceedings{sicstus,
  author    = {R. C. Haygood},
  title     = {{Native Code Compilation in SICStus Prolog}},
  booktitle = {Proceedings of the Eleventh International Conference on Logic Programming},
  year      = {1994},
  pages     = {190--204},
  numpages  = {15},
  publisher = {MIT Press},
  address   = {Cambridge, MA, USA},
} 

@inproceedings{planner,
  author    = {C. Hewitt},
  title     = {{PLANNER: A Language for Proving Theorems in Robots}},
  booktitle = {Proceedings of the 1st International Joint Conference on Artificial Intelligence},
  series    = {IJCAI'69},
  year      = {1969},
  location  = {Washington, DC},
  pages     = {295--301},
  numpages  = {7},
  publisher = {Morgan Kaufmann Publishers Inc.},
  address   = {San Francisco, CA, USA},
} 

@inproceedings{alf,
  author   = {M. Hanus and A. Schwab},
  title    = {{ALF User’s Manual}},
  year     = {1995},
  location = {F. B. Informatik, University},
} 

@article{kleaf,
  title   = {{Kernel-LEAF: A logic plus functional language}},
  journal = {Journal of Computer and System Sciences},
  volume  = {42},
  number  = {2},
  pages   = {139 - 185},
  year    = {1991},
  author  = {E. Giovannetti and G. Levi and C. Moiso and C. Palamidess},
}

@TECHREPORT{dec,
  author      = {D.L. Bowen and L. Byrd and F.C.N. Pereira and L.M. Pereira and Warren, David},
  title       = {{DECsystem-10 PROLOG USER'S MANUAL}},
  institution = {Department of Artificial Intelligence University of EdinburghSRI International},
  year        = {1982},
  month       = {Nov},
  pages       = {97},
} 

@article{yap,
  author     = {V. S. Costa and R. Rocha and L. Damas},
  title      = {{The Yap Prolog System}},
  journal    = {Theory Pract. Log. Program.},
  issue_date = {January 2012},
  volume     = {12},
  number     = {1-2},
  month      = Jan,
  year       = {2012},
  pages      = {5--34},
  numpages   = {30},
  publisher  = {Cambridge University Press},
  address    = {New York, NY, USA},
} 

@inproceedings{prolog,
  author    = {A. Colmerauer and P. Roussel},
  title     = {{The Birth of Prolog}},
  booktitle = {The Second ACM SIGPLAN Conference on History of Programming Languages},
  series    = {HOPL-II},
  year      = {1993},
  isbn      = {0-89791-570-4},
  location  = {Cambridge, Massachusetts, USA},
  pages     = {37--52},
  numpages  = {16},
  publisher = {ACM},
  address   = {New York, NY, USA},
} 

%%%%%%%%%%%%%%%%%%%%%%%%%%%%%%%%%%%%%%%%%%%%%%%%%%%%%%%%%%%%%%%%%%%%%%%%%%%%%%
%
% functional programming
%
%%%%%%%%%%%%%%%%%%%%%%%%%%%%%%%%%%%%%%%%%%%%%%%%%%%%%%%%%%%%%%%%%%%%%%%%%%%%%%

@article{lisp,
  author     = {J. McCarthy},
  title      = {{Recursive Functions of Symbolic Expressions and Their Computation by Machine, Part I}},
  journal    = {Commun. ACM},
  issue_date = {April 1960},
  volume     = {3},
  number     = {4},
  month      = apr,
  year       = {1960},
  pages      = {184--195},
  numpages   = {12},
  publisher  = {ACM},
  address    = {New York, NY, USA},
} 

@article{cek,
  author    = {M. Felleisen and D. P. Friedman},
  title     = {{Control Operators, the {SECD}-Machine, and the Lambda-Calculus}},
  booktitle = {Proc. of the IFIP TC},
  month     = {June},
  year      = {1986},
  pages     = {193--219},
} 

@InProceedings{tim,
  author    = {J. Fairbairn and S. Wray},
  editor    = {G. Kahn},
  title     = {{Tim: A simple, lazy abstract machine to execute supercombinators}},
  booktitle = {Functional Programming Languages and Computer Architecture},
  year      = {1987},
  publisher = {Springer Berlin Heidelberg},
  address   = {Berlin, Heidelberg},
  pages     = {34--45},
}

@phdthesis{gmachine,
  author      = {L. Augustsson},
  title       = {{Compiling Lazy Functional Languages}},
  institution = {Chalmers Tekniska Hogskola},
  year        = 1978,
}

@misc{ghc,
  title        = {{The {Glasgow Haskell Compiler}}},
  howpublished = {https://www.haskell.org/ghc/},
}

@article{Robinson:1965,
  author    = {J. A. Robinson},
  title     = {{A Machine-Oriented Logic Based on the Resolution Principle}},
  journal   = {J. ACM},
  volume    = {12},
  number    = {1},
  month     = jan,
  year      = {1965},
  pages     = {23--41},
  publisher = {ACM},
  address   = {New York, NY, USA},
}

@inproceedings{life,
  author    = {H. A\"{\i}t-Kaci},
  title     = {{An Introduction to LIFE-programming with Logic, Inheritance, Functions, and Equations}},
  booktitle = {Proceedings of the 1993 International Symposium on Logic Programming},
  series    = {ILPS '93},
  year      = {1993},
  isbn      = {0-262-63152-0},
  location  = {Vancouver, British Columbia, Canada},
  pages     = {52--68},
  numpages  = {17},
  publisher = {MIT Press},
  address   = {Cambridge, MA, USA},
} 

@InProceedings{Babel,
  author    = {H. Kuchen, R. Loogen, J. J. Moreno-Navarro},
  title     = {{The functional logic language BABEL and its implementation on a graph machine}},
  booktitle = { New Generation Computing},
  year      = {1996},
  pages     = {391–427},
  publisher = {Springer LNCS 4079},
}

%%%%%%%%%%%%%%%%%%%%%%%%%%%%%%%%%%%%%%%%%%%%%%%%%%%%%%%%%%%%%%%%%%%%%%%%%%%%%%
%
% theory
%
%%%%%%%%%%%%%%%%%%%%%%%%%%%%%%%%%%%%%%%%%%%%%%%%%%%%%%%%%%%%%%%%%%%%%%%%%%%%%%

Free Theorems for Functional Logic Programs
@inproceedings{FreeTheoremsCurry,
author = {J. Christiansen and D. Seidel and J. Voigtl\"{a}nder},
title = {Free Theorems for Functional Logic Programs},
year = {2010},
isbn = {9781605588902},
publisher = {Association for Computing Machinery},
address = {New York, NY, USA},
doi = {10.1145/1707790.1707797},
booktitle = {Proceedings of the 4th ACM SIGPLAN Workshop on Programming Languages Meets Program Verification},
pages = {39–48},
numpages = {10},
series = {PLPV '10}
}
@INPROCEEDINGS{theoremsForFree,
    author = {P. Wadler},
    title = {Theorems for free!},
    booktitle = {FUNCTIONAL PROGRAMMING LANGUAGES AND COMPUTER ARCHITECTURE},
    year = {1989},
    pages = {347--359},
    publisher = {ACM Press}
}

@inproceedings{failureList,
  author    = {P. Wadler},
  title     = {{How to Replace Failure by a List of Successes}},
  booktitle = {Proc. Of a Conference on Functional Programming Languages and Computer Architecture},
  year      = {1985},
  isbn      = {3-387-15975-4},
  location  = {Nancy, France},
  pages     = {113--128},
  numpages  = {16},
  publisher = {Springer-Verlag New York, Inc.},
  address   = {New York, NY, USA},
}

%%%%%%%%%%%%%%%%%%%%%%%%%%%%%%%%%%%%%%%%%%%%%%%%%%%%%%%%%%%%%%%%%%%%%%%%%%%%%%
%
% measuring
%
%%%%%%%%%%%%%%%%%%%%%%%%%%%%%%%%%%%%%%%%%%%%%%%%%%%%%%%%%%%%%%%%%%%%%%%%%%%%%%

@article{STABILIZER,
  author     = {C. Curtsinger and E. D. Berger},
  title      = {{STABILIZER: Statistically Sound Performance Evaluation}},
  journal    = {SIGARCH Comput. Archit. News},
  issue_date = {March 2013},
  volume     = {41},
  number     = {1},
  month      = {mar},
  year       = {2013},
  pages      = {219--228},
  publisher  = {ACM},
  address    = {New York, NY, USA},
} 

@article{wrongData,
  author     = {T. Mytkowicz and A. Diwan and M. Hauswirth and P. F. Sweeney},
  title      = {{Producing Wrong Data Without Doing Anything Obviously Wrong!}},
  journal    = {SIGPLAN Not.},
  issue_date = {March 2009},
  volume     = {44},
  number     = {3},
  month      = mar,
  year       = {2009},
  pages      = {265--276},
  publisher  = {ACM},
  address    = {New York, NY, USA},
}

@InProceedings{vmSwitch,
  author    = {M. A. Ertl and D. Gregg},
  editor    = {R. Sakellariou and J. Gurd and L. Freeman and J. Keane},
  title     = {{The Behavior of Efficient Virtual Machine Interpreters on Modern Architectures}},
  booktitle = {Euro-Par 2001 Parallel Processing},
  year      = {2001},
  publisher = {Springer Berlin Heidelberg},
  address   = {Berlin, Heidelberg},
  pages     = {403--413},
}


% branch prediction and jump table performance
% title: Branch Prediction and the Performance of Interpreters – Don’t Trust Folklore
% url: https://hal.inria.fr/hal-01100647/document

@INPROCEEDINGS{branchPerformance,
  author={E. Rohou and B. N. Swamy and A. Seznec},
  booktitle={2015 IEEE/ACM International Symposium on Code Generation and Optimization (CGO)}, 
  title={Branch prediction and the performance of interpreters — Don't trust folklore}, 
  year={2015},
  volume={},
  number={},
  pages={103-114},
  doi={10.1109/CGO.2015.7054191}
}

% defunctionalization
@inproceedings{defunctionalization,
    author = {J. C. Reynolds},
    title = {Definitional Interpreters for Higher-Order Programming Languages},
    year = {1972},
    isbn = {9781450374927},
    publisher = {Association for Computing Machinery},
    address = {New York, NY, USA},
    doi = {10.1145/800194.805852},
    booktitle = {Proceedings of the ACM Annual Conference - Volume 2},
    pages = {717–740},
    numpages = {24},
    location = {Boston, Massachusetts, USA},
    series = {ACM '72}
}

% llvm
@InProceedings{llvm,
    author    = {C. Lattner and V. Adve},
    title     = "{LLVM: A Compilation Framework for Lifelong Program Analysis \& Transformation}",
    booktitle = "{Proceedings of the 2004 International Symposium on Code Generation and Optimization (CGO'04)}",
    address   = {Palo Alto, California},
    month     = {Mar},
    year      = {2004}
}

% jvm
@inproceedings{jvm,
    author = {M. Paleczny and C. Vick and C. Click},
    title = {The Java HotspotTM Server Compiler},
    year = {2001},
    publisher = {USENIX Association},
    address = {USA},
    booktitle = {Proceedings of the 2001 Symposium on JavaTM Virtual Machine Research and Technology Symposium - Volume 1},
    pages = {1},
    numpages = {1},
    location = {Monterey, California},
    series = {JVM'01}
}

  
@inproceedings{logict,
    author = {O. Kiselyov and C. Shan and D. P. Friedman and A. Sabry},
    title = {Backtracking, Interleaving, and Terminating Monad Transformers: (Functional Pearl)},
    year = {2005},
    publisher = {Association for Computing Machinery},
    address = {New York, NY, USA},
    doi = {10.1145/1086365.1086390},
    booktitle = {Proceedings of the Tenth ACM SIGPLAN International Conference on Functional Programming},
    pages = {192–203},
    location = {Tallinn, Estonia},
    series = {ICFP '05}
}

  


@inproceedings{pretty,
  title={A prettier printer},
  author={P. Wadler and J. Kilmer},
  year={2002}
} 



# playingByTheRules
@article{playingByTheRules,
    author = {S. Peyton Jones and A. Tolmach and T. Hoare},
    year = {2001},
    month = {04},
    pages = {},
    title = {Playing by the Rules: Rewriting as a practical optimisation technique in GHC},
    journal = {Haskell 2001}
}

% synthesizedSetFunctions
@article{synthesizedSetFunctions,
  author = {S. Antoy and M. Hanus and F. Teegen},
  title = {Synthesizing Set Functions},
  booktitle = {Proc.\ of the 26th International Workshop on Functional and (Constraint) Logic Programming (WFLP 2018)},
  year      = {2018},
  publisher = {Springer},
}

% this
@phdThesis{this,
  author = {S. Libby},
  title = {Making Curry with Rice: An Optimizing Compiler for Curry},
  school = {Portland State University},
  year      = {2022},
}


@unpublished{proposal,
  author = {S. Libby},
  title = {Cooking with Gas:\\Making an Optimizing Curry Compiler},
  school = {Portland State University},
  year = {2019},
}


@online{git,
  title={Rice},
  author={S. Libby},
  howpublished={\url{https://github.com/slibby05/rice}}
} 

@article{whyFPmatters,
    AUTHOR = {J. Hughes},
    TITLE = {{Why Functional Programming Matters}},
    JOURNAL = {Computer Journal},
    VOLUME = {32},
    NUMBER = {2},
    PAGES = {98--107},
    YEAR = {1989}
}
